@article{KlintLV05,
  author    = "{Paul Klint and
               Ralf L{\"a}mmel and
               Chris Verhoef}",
  title     = {Toward an engineering discipline for grammarware},
  journal   = {ACM Trans. Softw. Eng. Methodol.},
  volume    = {14},
  number    = {3},
  year      = {2005},
  pages     = {331-380},
  ee        = {http://doi.acm.org/10.1145/1072997.1073000},
  bibsource = {DBLP, http://dblp.uni-trier.de},
  annote    = "This paper surveys SLE (or grammarware engineering) by making an inventory of grammarware, describing some problems with the proper engineering of grammarware, stating some promises of addressing grammarware engineering more seriously, listing some matured or emerging principles of grammarware engineering, and calling out a list of research challenges.",
  note      = "\added{Ralf L\"ammel} \available{http://www.cs.vu.nl/grammarware/agenda/paper.pdf}"
}

@article{FavreGLW09,
  author    = {Jean-Marie Favre and
               Dragan Gasevic and
               Ralf L{\"a}mmel and
               Andreas Winter},
  title     = {Guest Editors' Introduction to the Special Section on Software
               Language Engineering},
  journal   = {IEEE Trans. Software Eng.},
  volume    = {35},
  number    = {6},
  year      = {2009},
  pages     = {737-741},
  ee        = {http://doi.ieeecomputersociety.org/10.1109/TSE.2009.78},
  bibsource = {DBLP, http://dblp.uni-trier.de},
  annote    = {This is not a technical paper, but rather an extended introduction to a special issue on SLE. This text provides a relatively early but somewhat matured description of the notions SLE and software languages. Also, the papers of the special issue provide a good test harness for discussing these notions.},
  note      = "\added{Ralf L\"ammel} \available{http://ieeexplore.ieee.org/stamp/stamp.jsp?tp=&arnumber=5353438}"
}